<?xml version="1.0" encoding="UTF-8"?><record xmlns="http://www.loc.gov/MARC21/slim" xmlns:cinclude="http://apache.org/cocoon/include/1.0" xmlns:zs="http://www.loc.gov/zing/srw/">
  <leader>00649nz  a2200145n  4500</leader>
  <controlfield tag="001">no2011175701</controlfield>
  <controlfield tag="003">DLC</controlfield>
  <controlfield tag="005">20111116075220.0</controlfield>
  <controlfield tag="008">111114n| acannaabn          |n aaa     c</controlfield>
  <datafield tag="010" ind1=" " ind2=" ">
    <subfield code="a">no2011175701</subfield>
  </datafield>
  <datafield tag="035" ind1=" " ind2=" ">
    <subfield code="a">(OCoLC)oca09033814</subfield>
  </datafield>
  <datafield tag="040" ind1=" " ind2=" ">
    <subfield code="a">OOC</subfield>
    <subfield code="b">eng</subfield>
    <subfield code="c">OOC</subfield>
  </datafield>
  <datafield tag="100" ind1="1" ind2=" ">
    <subfield code="a">Hagen, Joachim Bernhard.</subfield>
    <subfield code="t">Sonatas,</subfield>
    <subfield code="m">lute,</subfield>
    <subfield code="r">Bâ­ major (Trekel Verlag 0642/I: No. 27)</subfield>
  </datafield>
  <datafield tag="670" ind1=" " ind2=" ">
    <subfield code="a">Yisrael, M. The court of Bayreuth [SR] p2010:</subfield>
    <subfield code="b">container (Sonata in B flat / Joachim Bernhard Hagen)</subfield>
  </datafield>
  <datafield tag="670" ind1=" " ind2=" ">
    <subfield code="a">Hagen, J.B. Werke fuĚr Laute, 1983-:</subfield>
    <subfield code="b">Bd. I, Inhaltsverzeichnis (Sonata, B-Dur, No. 27/15; numbering from the Augsburger Katalog: the first number appears in the facsim.)</subfield>
  </datafield>
</record>